<?xml version="1.0" encoding="UTF-8"?><collection xmlns="http://www.loc.gov/MARC21/slim"><record><leader>00436nam--2200133-i-4500</leader><controlfield tag="001">000012115</controlfield><controlfield tag="002">20161230</controlfield><controlfield tag="005">20161230201029</controlfield><controlfield tag="008">060222s1000------------r-----000-0-eng-d</controlfield><datafield ind1=" " ind2=" " tag="100"><subfield code="a">Celan, Boris</subfield></datafield><datafield ind1=" " ind2=" " tag="245"><subfield code="a">Conributii la dezvoltarea metodei neutronice p rivind migratia apei in medii poroase. teza de doctorat</subfield></datafield><datafield ind1=" " ind2=" " tag="260"><subfield code="a">Bucuresti, Institutul De Fizica Si Inginerie Nucleara, 1976</subfield></datafield><datafield ind1=" " ind2=" " tag="490"><subfield code="a">150 P</subfield></datafield><datafield ind1=" " ind2=" " tag="852"><subfield code="a">539.1.074.8(043):533.275</subfield></datafield></record></collection>